@INCOLLECTION{,
 author  = {},
 title   = {},
 editor  = {},
 booktitle = {},
 pages  = {},
 publisher = {},
 address = {},
 year   = {}
}
@ARTICLE{,
 author  = {},
 title   = {},
 journal = {},
 volume  = {},
 pages   = {},
 year    = {}
}



























@ARTICLE{Murray15, 
author={Murray, D.B. and Hayes, J.G.}, 
journal={Power Electronics, IEEE Transactions on}, 
title={Cycle Testing of Supercapacitors for Long-Life Robust Applications}, 
year={2015}, 
month={May}, 
volume={30}, 
number={5}, 
pages={2505-2516}, 
%doi={10.1109/TPEL.2014.2373368}, 
%ISSN={0885-8993},}


@INPROCEEDINGS{Glavin08,
author={Glavin, M.E. and Chan, P.K.W. and Armstrong, S. and Hurley, W.G.},
booktitle={Power Electronics and Motion Control Conference, 2008. EPE-PEMC 2008. 13th},
title={A stand-alone photovoltaic supercapacitor battery hybrid energy storage system},
year={2008},
month={Sept},
pages={1688-1695},
}

@BOOK{Woodbank05,
 author   = {Woodbank Communications Ltd (2005)},
 title    = {Battery Performance Characteristics},
 publisher= {[online]. Available: http://www.mpoweruk.com/performance.htm},
}


@INPROCEEDINGS{Lisheng08,
author={Lisheng Shi and Crow, M.L.},
booktitle={Power and Energy Society General Meeting - Conversion and Delivery of Electrical Energy in the 21st Century, 2008 IEEE},
title={Comparison of ultracapacitor electric circuit models},
year={2008},
month={July},
pages={1-6},
}

@ARTICLE{Moayedi13,
author={Moayedi, S. and Cingoz, F. and Davoudi, A.},
journal={Power Electronics, IEEE Transactions on},
title={Accelerated Simulation of High-Fidelity Models of Supercapacitors Using Waveform Relaxation Techniques},
year={2013},
month={Nov},
volume={28},
number={11},
pages={4903-4909},
}


@ARTICLE{levie63,
 author  = {de Levie, R},
 title   = {On porous electrodes in electrolyte solutions},
 journal = {Electrochemica Acta: Pergamon press Ltd.: Nothern Ireland},
 volume  = {8},
 pages   = {751-780},
 year    = {1963}
}

@ARTICLE{Buller02,
author={Buller, S. and Karden, E. and Kok, D. and De Doncker, R.W.},
journal={Industry Applications, IEEE Transactions on},
title={Modeling the dynamic behavior of supercapacitors using impedance spectroscopy},
year={2002},
month={Nov},
volume={38},
number={6},
pages={1622-1626},
}






@ARTICLE{Burke09,
 author  = {Burke, A.},
 title   = {Ultracapacitor technologies and application in hybrid and electric vehicles},
 journal = {International Journal of Energy Research },
 year    = {2009}
}

@article{ Pernia10,
title = " Power supply based on carbon ultracapacitors for remote supervision systems ",
journal = " IEEE Trans. Ind. Electron.",
volume = "57",
number = "9",
pages = "3139–3147",
year = " 2010",
month={Sep},
author = " A. Pernia, and S. Menendez, and M. Prieto, and J. Martinez, and F. Nuno, and I. Villar, and V. Ruiz ",
}

@ARTICLE{ Kuperman13, 
author={Kuperman, A. and Aharon, I. and Malki, S. and Kara, A.}, 
journal={IEEE Transactions on Power Electronics}, 
title={Design of a Semiactive Battery-Ultracapacitor Hybrid Energy Source}, 
year={2013}, 
month={Feb}, 
volume={28}, 
number={2}, 
pages={806-815}, 
}


@ARTICLE{ Ratniyomchai14, 
author={Ratniyomchai, T. and Hillmansen, S. and Tricoli, P.}, 
journal={Electrical Systems in Transportation, IET}, 
title={Recent developments and applications of energy storage devices in electrified railways}, 
year={2014}, 
month={March}, 
volume={4}, 
number={1}, 
pages={9-20}, 
}


@article{ Tuck91,
title = " Modern Battery Technology ",
journal = " Ellis Howard Limited, NewYork",
pages = "213 - 218",
year = " 1991",
author = " C.D.S. Tuck ",
}

@inproceedings{Catherino02,
Title = { Sulfation as applied to lead-acid batteries: the myth and the reality, in: Proceedings of the Fifth International Conference on Lead Acid Batteries },
Author = { H.A. Catherino, and F.F. Feres },
Booktitle = { in: Proceedings of the Fifth International Conference on Lead Acid Batteries, Varna, Bulgaria, 10–13 June },
pages = "197–200",
Year = {2002},
}

@article{Catherino04,
title = " Sulfation in lead acid batteries ",
journal = "Journal of Power Sources ",
volume = "129",
number = "1",
pages = "113 - 120",
year = "2004",
author = "H.A. Catherino, and F.F. Feres, and F. Trinidad ",
}

@article{Kuperman11,
title = " Battery–ultracapacitor hybrids for pulsed current loads: A review ",
journal = " Renew. Sust. Energy Rev.",
volume = "15",
pages = "981–992",
year = "2011",
month={Feb},
author = " A. Kuperman, and I. Aharon ",
}

@article{Zheng01,
title = " Hybrid power sources for pulsed current applications ",
journal = " IEEE Trans. Aerosp. Electron. Syst.",
volume = "37",
number = "1",
pages = "288 - 292",
year = "2001",
month={Jan},
author = " J. Zheng, and T. Jow, and M. Ding ",
}

@article{Pagano07,
title = " Hybrid electrochemical power sources for onboard applications ",
journal = " IEEE. Trans. Energy Convers.",
volume = "22",
number = "2",
pages = "450 - 456",
year = "2007",
month={Jun},
author = " M. Pagano and L. Piegari ",
}

@article{ Moreno06,
title = " Energy management system for a hybrid electric vehicle using ultracapacitors and neural networks ",
journal = " IEEE Trans. Ind. Electron.",
volume = "53",
number = "2",
pages = "614 - 623",
year = "2006",
month={Apr},
author = " J. Moreno, and M. Ortuzar, and J. Dixon ",
}

@article{ Camera08,
title = " Design and new control of {DC/DC} converters to share energy between supercapacitors and batteries in hybrid vehicles ",
journal = " IEEE Trans. Veh. Technol.",
volume = "57",
number = "5",
pages = "2721–2735",
year = "2008",
month={Sep},
author = " M. Camara, and H. Gualous, and F. Gustin, and A. Berthon",
}

@article{Camera10,
title = "{DC/DC} converter design for supercapacitor and battery power management in hybrid vehicle applications {—} Polynomial control strategy ",
journal = " IEEE Trans. Ind. Electron.",
volume = "57",
number = "2",
pages = "587–597",
year = "2010",
month={Jan},
author = { Camara, M. and Gualous, H. and Gustin, F. and Berthon,A. },
}


@book{kularatnach6:14b,
  Title =		{Energy Storage Devices for Electronic Systems: Rechargeable Batteries and Supercapacitors},
  Author =		{Kularatna, Nihal},
  Year =		{2014},
  Publisher =	{Elsevier Academic Press},
  Note = 		{pp. 165--168}
}



@misc{Laing13,
Author = {Laing, O.},
Title = {Water delivery system and method for making hot water
available in domestic hot water installation},
Year = {2013},
Month = Apr # "~11",
Note = "{U.S. Patent 20130279891}",
}

@misc{Permenter04,
Author = {Permenter, J.B.},
Title = {Insulated hot water storage tank for sink},
Year = {2004},
Month = Feb # "~2",
Note = "{U.S. Patent 10 788 150}",
}

@misc{Fazekas84,
Author = {Fazekasr, D.J.},
Title = {Control means and process for domestic hot water recirculating},
Note = "{U.S. Patent 06613452}",
Year = {1984},
Month = May # "~24",
}



@misc{AS/NZSRCD11(c),
  title = {Residual current operated circuit breakers without integral overcurrent
protection for household and similar uses (RCCBs) - Part 1:},
  type = {AS/NZS },
  Note = "{AS/NZS 61008.1:2011}",
  year = {2011}
}


@misc{AS/NZSIWH04,
  title = {Particular requirement for instantaneous water heaters:},
  type = {AS/NZS },
  Note = "{AS/NZS 60335.2.35 : 2004}",
  year = {2004}
}




@misc{SCALDO_patent,
Author = {Kularatna, N. and  Fernando, L.H.J.D.K.},
Title = {High current voltage regulator},
Year = {2011},
Month = March # "~15",
Note = "{U.S. Patent 7 907 430}",
}

@misc{SCASA_patent,
Author = {Kularatna, N. and  Fernando, L.H.J.D.K.},
Title = {Power and telecommunication surge protection apparatus},
Year = {2014},
Month = March # "~21",
Note = "{  N.Z. Patent 604332}",
}

@ARTICLE{Ecar:84,
author={Salihi, Jalal T.},
journal={Industry Applications, IEEE Transactions on},
title={1974 Energy Requirements for Electric Cars and Their Impact on Electric Power Generation and Distribution Systems},
year={1984},
volume={IA-20},
number={4},
pages={1095-1095},
month={July},
}

@misc{DOD_cycle,
Title = {Recommended charging equation and preventive maintenance procedures for Rolls Batteries},
Year = {2015},
pages={28},
Note = "{ Surrette Battery Co., Canada}",
}




@BOOK{Obey:09,
author   = {D. Obey},
 title    = {American Recovery and Reinvestment Act of 2009},
 publisher= {Public Law No: 111-5. [online]. Available: http://frwebgate.access.gpo.gov/cgi-bin/getdoc.cgi?dbname=111 cong public laws\&docid=f:publ005.pdf},
year = {2009},
month = {Feb},
}


@INPROCEEDINGS{SRUPS:11,
author={Nihal Kularatna and Tilakaratne, L. and Kumaran, P.K.},
booktitle={IECON 2011 - 37th Annual Conference on IEEE Industrial Electronics Society},
title={Design approaches to supercapacitor based surge resistant UPS techniques},
year={2011},
pages={4094-4099},
month={Nov},}


@inproceedings{SCATMA:14,
  Title =		{Pre-stored supercapacitor energy as a solution for burst energy requirements in domestic in-line fast water heating systems},
  Author =		{Kularatna, Nihal and Gattuso, Alessandro and Gurusinghe, Nicoloy and Du Toit, Johan},
  Booktitle =		{proc of IECON 2014, USA, NOV},
  Year =		{2014},
  Organization =	{IEEE}
}

@inproceedings{CGurusinghe:2015,
Title = { Design approaches for fast supercapacitor chargers for applications like SCATMA, SRUPS},
Author = {Gurusinghe, N., and Kularatna, N.},
Booktitle = { proc of APEC 2015, USA, Mar},
Year = {2015},
Organization = {IEEE}
}


@ARTICLE{Surge_capability:2011,
author={Nihal Kularatna and Fernando, J. and Pandey, A. and James, S.},
journal={Industrial Electronics, IEEE Transactions on},
title={Surge Capability Testing of Supercapacitor Families Using a Lightning Surge Simulator},
year={2011},
volume={58},
number={10},
pages={4942-4949},
month={Oct},}


@ARTICLE{Madawala:2007,
author={Madawala, U.K. and Thrimawithana, D.J. and Nihal Kularatna},
journal={Industrial Electronics, IEEE Transactions on},
title={An ICPT-Supercapacitor Hybrid System for Surge-Free Power Transfer},
year={2007},
volume={54},
number={6},
pages={3287-3297},
month={Dec},}


@INPROCEEDINGS{Bodnar:2013,
author={Bodnar, R. and Redman-White, W.},
booktitle={ESSCIRC (ESSCIRC), 2013 Proceedings of the},
title={An integrated ultracapacitor fast mains charger with combined power/current optimisation},
year={2013},
pages={161-164},
month={Sept},}

@INPROCEEDINGS{Bodnar:2011,
author={Bodnar, R. and Redman-White, W.},
booktitle={Circuit Theory and Design (ECCTD), 2011 20th European Conference on},
title={A 250W/30A fast charger for ultracapacitors with direct mains connection},
year={2011},
pages={813-816},
month={Aug},}

@misc{Tharp:patent,
Author = {Thrap, G.},
Title = {Switching Power Supply},
Year = {2005},
Note = "{  US Patent 6,912,136}",
}





//////////////////////////////////////////

@ARTICLE{Ryoo:2013,
author={Ryoo, H.J. and Jang, S.R. and Jin, Y.S. and Kim, J.S. and Kim, Y.B. and Ahn, S.H. and Gong, J.W. and Lee, B.H. and Kim, D.H.},
journal={Dielectrics and Electrical Insulation, IEEE Transactions on},
title={Design of high voltage capacitor charger with improved efficiency, power density and reliability},
year={2013},
volume={20},
number={4},
pages={1076-1084},
month={August},}

@ARTICLE{Musavi:2012,
author={Musavi, F. and Edington, M. and Eberle, W. and Dunford, W.G.},
journal={Smart Grid, IEEE Transactions on},
title={Evaluation and Efficiency Comparison of Front End AC-DC Plug-in Hybrid Charger Topologies},
year={2012},
volume={3},
number={1},
pages={413-421},
month={March},}


@ARTICLE{Musavi:2011,
author={Musavi, F. and Eberle, W. and Dunford, W.G.},
journal={Industry Applications, IEEE Transactions on},
title={A High-Performance Single-Phase Bridgeless Interleaved PFC Converter for Plug-in Hybrid Electric Vehicle Battery Chargers},
year={2011},
volume={47},
number={4},
pages={1833-1843},
month={July},}


@misc{IXYS:200,
  title = {IXYS Semiconductors Power MOSFET IXTK 200N10P},
  howpublished = {http://ixdev.ixys.com/DataSheet/99186.pdf},
 note = {Accessed: 2015-11-11}
}



@manual{ST:AN1059,
    organization  = "STMicroelectronics",
    title         = "Design equations of high-power-factor flyback converters based on the L6561 ",
    number        = "AN1059",
    year          =  2003,
    month         =  9,    
}

@BOOK{Transformer_book,
 author   = {Bossche, A. V. D. and Valchev, V. C.},
 title    = {Inductors and Transformers for Power Electronics},
 publisher= {CRC press},
 year     = {2005}
}

@misc{ABB_mcb,
  title = {ABB miniature circuitbreakers index 1SXU000023C0202 RevA15},
  howpublished = {www.abb.us/lowvoltage},
  note = {Accessed: 2015-11-11}
}

@INPROCEEDINGS{Werkstette:2014,
author={Werkstetter, Stefan},
booktitle={PCIM Europe 2014; International Exhibition and Conference for Power Electronics, Intelligent Motion, Renewable Energy and Energy Management; Proceedings of},
title={Existing and Future Ultracapacitor-Applications in the Renewable Energy Market},
year={2014},
pages={1-7},
month={May},}


@misc{Texas_magnetics,
  title = {Section 2 Magmetic Core Characteristics},
  howpublished = {http://www.ti.com/lit/ml/slup124/slup124.pdf},
  note = {Accessed: 2015-11-11}
}

@INPROCEEDINGS{Schneuwly:00,
 author   = {Schneuwly, A. and Gallay, R.},
 title    = {Properties and applications of supercapacitors from the state-of-the-art to future trends},
 booktitle= {Proc of PCIM, USA},
 year     = {2000}
}

@ARTICLE{Shaofeng:14,
author={Shaofeng Lu and Weston, P. and Hillmansen, S. and Gooi, H.B. and Roberts, C.},
journal={Intelligent Transportation Systems, IEEE Transactions on},
title={Increasing the Regenerative Braking Energy for Railway Vehicles},
year={2014},
volume={15},
number={6},
pages={2506-2515},
month={Dec},}

@ARTICLE{Xiaojun:13,
author={Xiaojun Shen and Sheng Chen and Guojie Li and Yi Zhang and Xiuchen Jiang and Tek Tjing Lie},
journal={Industry Applications, IEEE Transactions on},
title={Configure Methodology of Onboard Supercapacitor Array for Recycling Regenerative Braking Energy of URT Vehicles},
year={2013},
volume={49},
number={4},
pages={1678-1686},
month={July},}

@INPROCEEDINGS{Werkstette:2014,
author={Werkstetter, Stefan},
booktitle={PCIM Europe 2014; International Exhibition and Conference for Power Electronics, Intelligent Motion, Renewable Energy and Energy Management; Proceedings of},
title={Existing and Future Ultracapacitor-Applications in the Renewable Energy Market},
year={2014},
pages={1-7},
month={May},}

@ARTICLE{Basu:05,
author={Basu, S. and Bollen, M.H.J.},
journal={Power Delivery, IEEE Transactions on},
title={A novel common power factor correction scheme for homes and offices},
year={2005},
volume={20},
number={3},
pages={2257-2263},
month={July},}



@misc{Magnetics_catalogue,
  title = {Magnetics Ferrite Cores 2013 Catalogue},
  howpublished = {http://www.mag-inc.com},
  note = {Accessed: 2015-11-11}
}

@BOOK{PFC_handbook,
 author   = {Turchi, J. and Dalal, D. and Wang, P. and Jenk, L.},
 title    = {Power Factor Correction (PFC) Handbook},
 publisher= {ON Semiconductor},
 year     = {2014}
}

@book{Maniktala:2004,
 author = {Maniktala, Sanjaya},
 title = {Switching Power Supply Design and Optimization},
 year = {2005},
 edition = {1},
}

@ARTICLE{RUB_TYR_CRAN:06,
author={Sang-Min Kim and Seung-Ki Sul},
journal={Power Electronics, IEEE Transactions on},
title={Control of Rubber Tyred Gantry Crane With Energy Storage Based on Supercapacitor Bank},
year={2006},
volume={21},
number={5},
pages={1420-1427},
month={Sept},}
 publisher = {McGraw-Hill, Inc.},
 address = {New York, NY, USA},
} 

@ARTICLE{SCexcavator:10,
author={Tae-Suk Kwon and Seon-Woo Lee and Seung-Ki Sul and Cheol-Gyu Park and Nag-In Kim and Byung-il Kang and Min-seok Hong},
journal={Industry Applications, IEEE Transactions on},
title={Power Control Algorithm for Hybrid Excavator With Supercapacitor},
year={2010},
volume={46},
number={4},
pages={1447-1455},
month={July},}



@ARTICLE{Garcia:03,
author={Garcia, O. and Cobos, J.A. and Prieto, R. and Alou, P. and Uceda, J.},
journal={Power Electronics, IEEE Transactions on},
title={Single phase power factor correction: a survey},
year={2003},
volume={18},
number={3},
pages={749-755},
month={May},}












%%%%%%references 3.1.5 engine start assist regen braking
%%%%%%%%
%%%%%%%%

@INPROCEEDINGS{Moungngam:14,
author={Moungngam, W. and Songprakorp, R. and Chomsuwan, K. and Phatrapornnant, T.},
booktitle={Electrical Engineering/Electronics, Computer, Telecommunications and Information Technology (ECTI-CON), 2014 11th International Conference on},
title={Applied supercapacitor to energy storage during regenerative brake state in electric vehicle},
year={2014},
pages={1-6},
month={May},}


@ARTICLE{Xiaojun:13,
author={Xiaojun Shen and Sheng Chen and Guojie Li and Yi Zhang and Xiuchen Jiang and Tek Tjing Lie},
journal={Industry Applications, IEEE Transactions on},
title={Configure Methodology of Onboard Supercapacitor Array for Recycling Regenerative Braking Energy of URT Vehicles},
year={2013},
volume={49},
number={4},
pages={1678-1686},
month={July},}


@INPROCEEDINGS{Baghzouz:00,
author={Baghzouz, Y. and Fiene, J. and Van Dam, J. and Shi, L. and Wilkinson, E. and Boehm, R.},
booktitle={Energy Conversion Engineering Conference and Exhibit, 2000. (IECEC) 35th Intersociety},
title={Modifications to a hydrogen/electric hybrid bus},
year={2000},
volume={1},
pages={363-370 vol.1},
month={},}


@ARTICLE{Sang-Min:06,
author={Sang-Min Kim and Seung-Ki Sul},
journal={Power Electronics, IEEE Transactions on},
title={Control of Rubber Tyred Gantry Crane With Energy Storage Based on Supercapacitor Bank},
year={2006},
volume={21},
number={5},
pages={1420-1427},
month={Sept},}

@INPROCEEDINGS{Zhongping:14,
author={Zhongping Yang and Huan Xia and Bin Wang and Fei Lin},
booktitle={Power Electronics Conference (IPEC-Hiroshima 2014 - ECCE-ASIA), 2014 International},
title={An overview on braking energy regeneration technologies in Chinese urban railway transportation},
year={2014},
pages={2133-2139},
month={May},}



@INPROCEEDINGS{Baoming:05,
author={Ge Baoming and de Almeida, A.T. and Ferreira, F.J.T.E.},
booktitle={Electrical Machines and Systems, 2005. ICEMS 2005. Proceedings of the Eighth International Conference on},
title={Supercapacitor-based optimum switched reluctance drive for advanced electric vehicles},
year={2005},
volume={1},
pages={822-827 Vol. 1},
month={Sept},}

@ARTICLE{Jiabin:07,
author={Jiabin Wang and Taylor, B. and Zhigang Sun and Howe, D.},
journal={Vehicular Technology, IEEE Transactions on},
title={Experimental Characterization of a Supercapacitor-Based Electrical Torque-Boost System for Downsized ICE Vehicles},
year={2007},
volume={56},
number={6},
pages={3674-3681},
month={Nov},}



@ARTICLE{Carter:12,
author={Carter, R. and Cruden, A. and Hall, P.J.},
journal={Vehicular Technology, IEEE Transactions on},
title={Optimizing for Efficiency or Battery Life in a Battery/Supercapacitor Electric Vehicle},
year={2012},
volume={61},
number={4},
pages={1526-1533},
month={May},}

%%%%%%%%%%%%%%%%%%
%%%%%%%%%%%%%%%%%%
%%%%%%%%%%%%%%%%%%%

































%ggggggggggggggggggggggggggggggggggggggggggggggggggggggggggggggggggggggggggggggggggggggggg
%ggggggggggggggggggggggggggggggggggggggggggggggggggggggggggggggggggggggggggggggggggggggggg
%ggggggggggggggggggggggggggggggggggggggggggggggggggggggggggggggggggggggggggggggggggggggggg




% XXX
% YYY
% ZZZ
@ARTICLE{,
 author  = {},
 title   = {},
 journal = {},
 volume  = {},
 pages   = {},
 year    = {}
}
@INPROCEEDINGS{,
 author   = {},
 title    = {},
 meeting  = {},
 booktitle= {},
 publisher= {},
 pages    = {},
 year     = {}
}
@MASTERSTHESIS{,
 author = {},
 title  = {},
 school = {},
 year   = {}
}
@PHDTHESIS{,
 author = {},
 title  = {},
 school = {},
 year   = {}
}
@INCOLLECTION{,
 author   = {},
 editor   = {},
 title    = {},
 booktitle= {},
 publisher= {},
 series   = {},
 volume   = {},
 pages    = {},
 year     = {}
}
@BOOK{,
 author   = {},
 title    = {},
 publisher= {},
 year     = {}
}

